@Manual{R-base,
  title = {R: A Language and Environment for Statistical
           Computing},
  author = {{R Core Team}},
  organization = {R Foundation for Statistical Computing},
  address = {Vienna, Austria},
  year = {2019},
  url = {https://www.R-project.org}
}

@misc{geih,
 author= {Sarmiento-Barbieri, I.},
 title	= {Dataset Pronlem Set 2},
 howpublished= {[Base de datos]. \path{https://www.kaggle.com/t/59ef509497064da4b855e6c0148af484 }},
 year= {2024},
 language = {English}
}

@misc{conpes,
 author= {{CONPES}},
 title	= {CONPES 150. Metodologías oficiales y arreglos institucionales para la medición de la pobreza en Colombia},
 howpublished= {\url{https://colaboracion.dnp.gov.co/CDT/Conpes/Social/150.pdf}},
 year= {2012},
 language = {Spanish}
}

@misc{dane18,
  author = {DANE},
  title = {Medición de Pobreza Monetaria y Desigualdad 2018},
  year = {2019},
  howpublished= {[Base de datos]. \path{https://microdatos.dane.gov.co/index.php/catalog/608}},
 year= {2019},
}

@misc{wb,
  author = {Castaneda Aguilar, R. A. and Diaz-Bonilla, C. and Fujs, T. and Lakner, C. and Nguyen, M. C. and Viveros, M. and Baah, S. K. T.},
  title = {March 2024 global poverty update from the World Bank: first estimates of global poverty until 2022 from survey data},
  howpublished = {World Bank Blogs},
  year = {2024},
  month = {marzo},
  day = {26},
  url = {https://blogs.worldbank.org/en/opendata/march-2024-global-poverty-update-from-the-world-bank--first-esti}
}

@misc{yonzan,
  author = {Yonzan, N. Mahler, D. G. and Lakner, C.},
  title = {Poverty is back to pre-COVID levels globally, but not for low-income countries},
  howpublished = {World Bank Blogs},
  year = {2023},
  month = {octubre},
  day = {3},
  url = {https://blogs.worldbank.org/en/opendata/poverty-back-pre-covid-levels-globally-not-low-income-countries}
}